@book{nocedal2006numerical,
  title={Numerical optimization},
  author={Nocedal, Jorge and Wright, Stephen},
  year={2006},
  publisher={Springer Science \& Business Media}
}

@book{dantzig1954computational,
  title={Computational algorithm of the revised simplex method},
  author={Dantzig, George Bernard},
  year={1954},
  publisher={Rand Corporation}
}

